<?xml version="1.0" encoding="UTF-8"?><collection xmlns="http://www.loc.gov/MARC21/slim"><record><leader>00585nam--2200181-i-4500</leader><controlfield tag="001">000050100</controlfield><controlfield tag="002">20161230</controlfield><controlfield tag="005">20161230201048</controlfield><controlfield tag="008">060222s1000------------r-----000-0-rus-d</controlfield><datafield ind1=" " ind2=" " tag="040"><subfield code="a">IFIN-HH</subfield></datafield><datafield ind1=" " ind2=" " tag="041"><subfield code="a">rus</subfield></datafield><datafield ind1=" " ind2=" " tag="080"><subfield code="a">550.835(024)=91.7</subfield></datafield><datafield ind1="1" ind2=" " tag="110"><subfield code="a">Akademia Nauk SSSR</subfield></datafield><datafield ind1="1" ind2="0" tag="245"><subfield code="a">Dozimetria ioniziruyusih izlucenii</subfield><subfield code="b">Dokladi inostrannih ucenih na mejdunarodnoi konferentii po mirnomu ispolzovaniyu atomnoi energii geneva 1955</subfield></datafield><datafield ind1=" " ind2=" " tag="260"><subfield code="a">Moskva</subfield><subfield code="b">Tehniko-teoreticeskoi Literaturi</subfield><subfield code="c">1956</subfield></datafield><datafield ind1=" " ind2=" " tag="300"><subfield code="a">604P</subfield></datafield><datafield ind1=" " ind2=" " tag="852"><subfield code="a">4227</subfield><subfield code="c">539.1.07:539.1.08</subfield></datafield><datafield ind1=" " ind2=" " tag="CAT"><subfield code="a">Sys</subfield><subfield code="c">20111014</subfield><subfield code="h">141138</subfield></datafield></record></collection>